<collection xmlns="http://www.loc.gov/MARC21/slim">
<record>
  <leader>01271nam0a22002531i 450 </leader>
  <controlfield tag="001">IT\ICCU\CNCE\080479</controlfield>
  <controlfield tag="005">20201027000000.0</controlfield>
  <datafield tag="012" ind1=" " ind2=" ">
    <subfield code="a">rara dalo dade dade (C) 1518 (A)</subfield>
    <subfield code="2">fei</subfield>
  </datafield>
  <datafield tag="100" ind1=" " ind2=" ">
    <subfield code="a">20201027d1518        0itac0103    ba</subfield>
  </datafield>
  <datafield tag="101" ind1=" " ind2=" ">
    <subfield code="a">ITA</subfield>
  </datafield>
  <datafield tag="102" ind1=" " ind2=" ">
    <subfield code="a">IT</subfield>
  </datafield>
  <datafield tag="200" ind1="1" ind2=" ">
    <subfield code="a">Opera nuoua de vno villano nomato Grillo: che volse douentar medico: con vn capitulo dele male lingue composta per Pier Francescho detto el Conte da Camerino</subfield>
  </datafield>
  <datafield tag="210" ind1=" " ind2=" ">
    <subfield code="e">Impresso in Roma</subfield>
    <subfield code="g">per mastro Giouan Philippo Nani da Bologna</subfield>
    <subfield code="h">1518 adi 24 del mese de Luglio</subfield>
  </datafield>
  <datafield tag="215" ind1=" " ind2=" ">
    <subfield code="a">\8! c.</subfield>
    <subfield code="d">8ʻ</subfield>
  </datafield>
  <datafield tag="620" ind1=" " ind2=" ">
    <subfield code="a">IT</subfield>
    <subfield code="d">Roma</subfield>
  </datafield>
  <datafield tag="700" ind1=" " ind2="0">
    <subfield code="a">Pierfrancesco</subfield>
    <subfield code="c"> : da#Camerino</subfield>
    <subfield code="3">IT\ICCU\CNCA\008938</subfield>
  </datafield>
  <datafield tag="712" ind1="0" ind2="0">
    <subfield code="a">Nani, Giovanni Filippo</subfield>
    <subfield code="3">IT\ICCU\CNCT\001719</subfield>
    <subfield code="4">650</subfield>
  </datafield>
  <datafield tag="790" ind1=" " ind2="1">
    <subfield code="a">Camerino,</subfield>
    <subfield code="b">Conte : de</subfield>
    <subfield code="3">IT\ICCU\CNCA\008940</subfield>
    <subfield code="z">Pierfrancesco : da#Camerino</subfield>
  </datafield>
  <datafield tag="790" ind1=" " ind2="1">
    <subfield code="a">Camerino,</subfield>
    <subfield code="b">Pier Francesco</subfield>
    <subfield code="3">IT\ICCU\CNCA\008941</subfield>
    <subfield code="z">Pierfrancesco : da#Camerino</subfield>
  </datafield>
  <datafield tag="790" ind1=" " ind2="0">
    <subfield code="a">Pierfrancesco</subfield>
    <subfield code="c"> : di#Camerino</subfield>
    <subfield code="3">IT\ICCU\CNCA\022185</subfield>
    <subfield code="z">Pierfrancesco : da#Camerino</subfield>
  </datafield>
  <datafield tag="790" ind1=" " ind2="0">
    <subfield code="a">Conte de conti</subfield>
    <subfield code="c"> : da#Camerino</subfield>
    <subfield code="3">IT\ICCU\CNCA\025271</subfield>
    <subfield code="z">Pierfrancesco : da#Camerino</subfield>
  </datafield>
  <datafield tag="791" ind1="0" ind2="0">
    <subfield code="a">Nanio, Giovanni Filippo</subfield>
    <subfield code="3">IT\ICCU\CNCT\005100</subfield>
    <subfield code="z">Nani, Giovanni Filippo</subfield>
  </datafield>
  <datafield tag="801" ind1=" " ind2="3">
    <subfield code="a">IT</subfield>
    <subfield code="b">ICCU</subfield>
    <subfield code="c">20201115</subfield>
  </datafield>
  <datafield tag="899" ind1=" " ind2=" ">
    <subfield code="a">The Getty Research Institute Library. Los Angeles, California</subfield>
  </datafield>
</record>
</collection>
